@manual{scalaspec,
  title={The Scala Language Specification},
  author={Martin Odersky},
  chapter={4.7: Import Clauses},
  year={2014},
  note={http://www.scala-lang.org/docu/files/ScalaReference.pdf}
}

@manual{cppspec,
  title={Working Draft, Standard for Programming Language C++},
  note={http://www.open-std.org/jtc1/sc22/wg21/docs/papers/2012/n3337.pdf}
}

@inproceedings{DBLP:conf/popl/KilpatrickDJM14,
  author    = {Scott Kilpatrick and
               Derek Dreyer and
               Simon L. Peyton Jones and
               Simon Marlow},
  title     = {Backpack: retrofitting Haskell with interfaces},
  booktitle = {POPL},
  year      = {2014},
  pages     = {19-32},
  ee        = {http://doi.acm.org/10.1145/2535838.2535884},
  crossref  = {DBLP:conf/popl/2014},
  bibsource = {DBLP, http://dblp.uni-trier.de}
}

@inproceedings{Carlsson:2002:HMN:592849.592850,
 author = {Carlsson, Richard},
 title = {Hierarchical Module Namespaces in Erlang},
 booktitle = {Proceedings of the 2002 ACM SIGPLAN Workshop on Erlang},
 series = {ERLANG '02},
 year = {2002},
 isbn = {1-58113-592-0},
 location = {Pittsburgh, Pennsylvania},
 pages = {1--5},
 numpages = {5},
 url = {http://doi.acm.org/10.1145/592849.592850},
 doi = {10.1145/592849.592850},
 acmid = {592850},
 publisher = {ACM},
 address = {New York, NY, USA},
} 

@article{Rossberg:2013:MUM:2450136.2450137,
 author = {Rossberg, Andreas and Dreyer, Derek},
 title = {Mixin\&Rsquo; Up the ML Module System},
 journal = {ACM Trans. Program. Lang. Syst.},
 issue_date = {April 2013},
 volume = {35},
 number = {1},
 month = apr,
 year = {2013},
 issn = {0164-0925},
 pages = {2:1--2:84},
 articleno = {2},
 numpages = {84},
 url = {http://doi.acm.org/10.1145/2450136.2450137},
 doi = {10.1145/2450136.2450137},
 acmid = {2450137},
 publisher = {ACM},
 address = {New York, NY, USA},
 keywords = {ML modules, Type systems, abstract data types, hierarchical composability, mixin modules, recursive modules},
} 

@inproceedings{Soubiran:2009:UFT:1735813.1735820,
 author = {Soubiran, Elie},
 title = {A Unified Framework and a Transparent Name-space for the Coq Module System},
 booktitle = {Proceedings of the 1st Workshop on Modules and Libraries for Proof Assistants},
 series = {MLPA '09},
 year = {2009},
 isbn = {978-1-60558-954-1},
 location = {Montreal, Canada},
 pages = {38--45},
 numpages = {8},
 url = {http://doi.acm.org/10.1145/1735813.1735820},
 doi = {10.1145/1735813.1735820},
 acmid = {1735820},
 publisher = {ACM},
 address = {New York, NY, USA},
 keywords = {Coq, module system, name-space},
} 

@inproceedings{Swain:1995:NAV:206913.207005,
 author = {Swain, Rexford H.},
 title = {Namespaces: APL/W vs. APL2},
 booktitle = {Proceedings of the International Conference on Applied Programming Languages},
 series = {APL '95},
 year = {1995},
 isbn = {0-89791-722-7},
 location = {San Antonio, Texas, USA},
 pages = {193--205},
 numpages = {13},
 url = {http://doi.acm.org/10.1145/206913.207005},
 doi = {10.1145/206913.207005},
 acmid = {207005},
 publisher = {ACM},
 address = {New York, NY, USA},
 keywords = {localization, namespace, package},
} 

@article{Chandra:2005:CJC:1040196.1040228,
 author = {Chandra, Shyamal Suhana and Chandra, Kailash},
 title = {A Comparison of Java and C\#},
 journal = {J. Comput. Sci. Coll.},
 issue_date = {February 2005},
 volume = {20},
 number = {3},
 month = feb,
 year = {2005},
 issn = {1937-4771},
 pages = {238--254},
 numpages = {17},
 url = {http://dl.acm.org/citation.cfm?id=1040196.1040228},
 acmid = {1040228},
 publisher = {Consortium for Computing Sciences in Colleges},
 address = {USA},
} 

@misc{ocaml-platform,
  author={The OCaml community},
  title={On the need and design of OCaml namespaces},
  year={2013},
  note={A long discussion on the ocaml-platform mailing-list},
  url={http://lists.ocaml.org/pipermail/platform/2013-February/000050.html}
}

@misc{ocaml-proposals,
  author={OCaml core developpers},
  title={Namespaces: proposals},
  year={2012},
  url={http://gallium.inria.fr/~scherer/viewgit/?a=tree&p=namespaces}
}

@TechReport{	  it:2000-001,
  author	= {Richard Carlsson},
  title		= {Extending {E}rlang with structured module packages},
  institution	= {Department of Information Technology, Uppsala University},
  department	= {Computing Science Division},
  year		= {2000},
  number	= {2000-001},
  month		= jan,
  abstract	= {This article describes a way to extend
		  \textsc{\mbox{Erlang}} with structured program module
		  packages, in a simple, straightforward and useful way.}
}

@manual{java-spec,
  title={The Java\textregistered Language Specification},
  author={James Gosling and Bill Joy and Guy Steele and Gilad Bracha and Alex
                  Buckley},
  misc={http://docs.oracle.com/javase/specs/jls/se8/jls8.pdf}
}


@manual{python-spec,
  title={The Python Language Reference (3.4.0)},
  misc={The import and packages system:
        https://docs.python.org/3/reference/import.html}
}

@INPROCEEDINGS{Drossopoulou99afragment,
    author = {Sophia Drossopoulou and Susan Eisenbach and David Wragg},
    title = {A Fragment Calculus - Towards a Model of Separate Compilation, Linking and Binary Compatibility},
    booktitle = {Linking and Binary Compatibility, IEEE Symposium on Logic in Computer Science},
    year = {1999},
    pages = {147--156}
}

@INPROCEEDINGS{Cardelli97programfragments,,
    author = {Luca Cardelli and Luca Cardelli},
    title = {Program Fragments, Linking, and Modularization},
    booktitle = {In ACM Symp. on Principles of Programming Languages},
    year = {1997},
    pages = {266--277},
    publisher = {ACM Press}
}

@MISC{Glew99type-safelinking,
    author = {Neal Glew and Greg Morrisett},
    title = {Type-Safe Linking and Modular Assembly Language},
    year = {1999}
}

@misc{linking-not-subst,
  author={Jeremy Siek},
  title= {Linking isn't substitution: the separately-compiled lambda calculus},
  note={http://siek.blogspot.fr/2012/07/linking-isnt-substitution-separately.html}
}

